<collection xmlns="http://www.loc.gov/MARC21/slim">
   <record>
      <leader>02153cam a2200385 a 4500</leader>
      <controlfield tag="001">6514115</controlfield>
      <controlfield tag="003">OCoLC</controlfield>
      <controlfield tag="005">20150526155007.0</controlfield>
      <controlfield tag="008">130808s2015    enka     b    000 0 eng d</controlfield>
      <datafield ind1="7" ind2=" " tag="016">
         <subfield code="a">016650920</subfield>
         <subfield code="2">Uk</subfield>
      </datafield>
      <datafield ind1=" " ind2=" " tag="020">
         <subfield code="a">9781908966452</subfield>
      </datafield>
      <datafield ind1=" " ind2=" " tag="020">
         <subfield code="a">1908966459</subfield>
      </datafield>
      <datafield ind1=" " ind2=" " tag="035">
         <subfield code="a">ocn904877903</subfield>
      </datafield>
      <datafield ind1=" " ind2=" " tag="039">
         <subfield code="a">exclude</subfield>
      </datafield>
      <datafield ind1=" " ind2=" " tag="040">
         <subfield code="a">BTCTA</subfield>
         <subfield code="b">eng</subfield>
         <subfield code="c">BTCTA</subfield>
         <subfield code="d">BDX</subfield>
         <subfield code="d">UKMGB</subfield>
         <subfield code="d">ERASA</subfield>
         <subfield code="d">CDX</subfield>
         <subfield code="d">YDXCP</subfield>
         <subfield code="d">AEU</subfield>
      </datafield>
      <datafield ind1=" " ind2="4" tag="050">
         <subfield code="a">N6797.N44</subfield>
         <subfield code="b">A4 2015</subfield>
      </datafield>
      <datafield ind1="0" ind2="4" tag="082">
         <subfield code="a">709.2</subfield>
         <subfield code="2">23</subfield>
      </datafield>
      <datafield ind1=" " ind2=" " tag="090">
         <subfield code="a">N6797 .N44 A4 2015</subfield>
         <subfield code="b">AEGMCT</subfield>
      </datafield>
      <datafield ind1="1" ind2=" " tag="100">
         <subfield code="a">Nelson, Mike,</subfield>
         <subfield code="d">1967-</subfield>
         <subfield code="0">http://id.loc.gov/authorities/names/n2002045658</subfield>
         <subfield code="0">http://viaf.org/viaf/16585172</subfield>
      </datafield>
      <datafield ind1="1" ind2="0" tag="245">
         <subfield code="a">Amnesiac hide /</subfield>
         <subfield code="c">Mike Nelson ; [texts by Dick Hebdige ... [et al.] ; edited by Jenifer Papararo.</subfield>
      </datafield>
      <datafield ind1=" " ind2=" " tag="260">
         <subfield code="a">London :</subfield>
         <subfield code="b">Black Dog Publishing Ltd.,</subfield>
         <subfield code="c">c2015.</subfield>
      </datafield>
      <datafield ind1=" " ind2=" " tag="300">
         <subfield code="a">175 p. :</subfield>
         <subfield code="b">ill. (chiefly color) ;</subfield>
         <subfield code="c">23 cm.</subfield>
      </datafield>
      <datafield ind1=" " ind2=" " tag="500">
         <subfield code="a">Published on the occasion of exhibitions at the Contemporary Art Gallery, Vancouver, 13 Sept. to 3 Nov. 2013, and at The Power Plant, Toronto, 1 Feb. to 19 May 2014.</subfield>
      </datafield>
      <datafield ind1=" " ind2=" " tag="504">
         <subfield code="a">Includes bibliographical references.</subfield>
      </datafield>
      <datafield ind1=" " ind2=" " tag="596">
         <subfield code="a">56</subfield>
      </datafield>
      <datafield ind1="1" ind2="0" tag="600">
         <subfield code="a">Nelson, Mike,</subfield>
         <subfield code="d">1967-</subfield>
         <subfield code="x">Exhibitions.</subfield>
         <subfield code="0">http://id.loc.gov/authorities/names/n2002045658</subfield>
         <subfield code="0">http://viaf.org/viaf/16585172</subfield>
      </datafield>
      <datafield ind1="1" ind2="0" tag="600">
         <subfield code="a">Nelson, Mike,</subfield>
         <subfield code="d">1967-</subfield>
         <subfield code="x">Criticism and interpretation.</subfield>
         <subfield code="0">http://id.loc.gov/authorities/names/n2002045658</subfield>
         <subfield code="0">http://viaf.org/viaf/16585172</subfield>
      </datafield>
      <datafield ind1="1" ind2=" " tag="700">
         <subfield code="a">Hebdige, Dick.</subfield>
         <subfield code="0">http://id.loc.gov/authorities/names/n79113687</subfield>
         <subfield code="0">http://viaf.org/viaf/12374615</subfield>
      </datafield>
      <datafield ind1="1" ind2=" " tag="700">
         <subfield code="a">Papararo, Jenifer.</subfield>
         <subfield code="0">http://id.loc.gov/authorities/names/no2009023144</subfield>
         <subfield code="0">http://viaf.org/viaf/78960955</subfield>
      </datafield>
      <datafield ind1="2" ind2=" " tag="710">
         <subfield code="a">Contemporary Art Gallery (Vancouver, B.C.)</subfield>
         <subfield code="0">http://id.loc.gov/authorities/names/n90675433</subfield>
         <subfield code="0">http://viaf.org/viaf/312766273</subfield>
      </datafield>
      <datafield ind1="2" ind2=" " tag="710">
         <subfield code="a">Power Plant (Art gallery)</subfield>
         <subfield code="0">http://id.loc.gov/authorities/names/n88056637</subfield>
         <subfield code="0">http://viaf.org/viaf/124268307</subfield>
      </datafield>
      <datafield ind1=" " ind2=" " tag="758">
         <subfield code="0">http://worldcat.org/entity/work/id/22826300</subfield>
      </datafield>
      <datafield ind1="0" ind2=" " tag="787">
         <subfield code="n">OCLC Work Id</subfield>
         <subfield code="o">http://worldcat.org/entity/work/id/22826300</subfield>
      </datafield>
      <datafield ind1=" " ind2=" " tag="949">
         <subfield code="a">N6797 .N44 A4 2015</subfield>
         <subfield code="h">GMCA-OS-B</subfield>
         <subfield code="i">1007770470</subfield>
         <subfield code="p">27.68</subfield>
         <subfield code="k">AVAIL_SOON</subfield>
      </datafield>
      <datafield ind1=" " ind2=" " tag="926">
         <subfield code="a">N6797 .N44 A4 2015</subfield>
         <subfield code="w">LC</subfield>
         <subfield code="c">1</subfield>
         <subfield code="i">1007770470</subfield>
         <subfield code="d">8/28/2015</subfield>
         <subfield code="l">ON_SHELF</subfield>
         <subfield code="m">GR_MAC_CAC</subfield>
         <subfield code="p">$27.68</subfield>
         <subfield code="r">Y</subfield>
         <subfield code="s">Y</subfield>
         <subfield code="t">BOOK</subfield>
         <subfield code="u">6/2/2015</subfield>
      </datafield>
   </record>
</collection>
